% This file was created with JabRef 2.11b2.
% Encoding: MacRoman

% This includes special commands for IEEE BibTeX style
@IEEEtranBSTCTL{IEEEexample:BSTcontrol,
	Ctldash_repeated_names   = {yes},
	Ctlmax_names_forced_etal = {4},
	Ctluse_forced_etal       = {yes}
}

@INPROCEEDINGS{Zhang:13, 
author={Zhang, H. and Li, B. and Jiang, H. and Liu, F. and Vasilakos, A.V. and Liu, J.}, 
booktitle={INFOCOM}, 
title={A framework for truthful online auctions in cloud computing with heterogeneous user demands}, 
year={2013}, 
pages={1510-1518}, 
}

@INPROCEEDINGS{Shi:14, 
author={Shi, W. and Zhang, L. and Wu, C. and Li, Z. and Lau, F.C.M.}, 
booktitle={SIGMETRICS},
title={An Online Auction Framework for Dynamic Resource Provisioning in Cloud Computing}, 
year={2014},
pages={71-83}, 
}

@INPROCEEDINGS{Wang:12, 
author={Wang, Q. and Ren, K. and Meng, X.}, 
booktitle={INFOCOM},
title={When cloud meets eBay: Towards effective pricing for cloud computing}, 
year={2012}, 
pages={936-944},
}

@Article{Braem2013,
  Title                    = {{A case for research with and on community networks}},
  Author                   = {Braem, B. and {Baig Vi\~{n}as}, R. and Kaplan, A. L. and Neumann, A. and {Vilata i Balaguer}, I. and Tatum, B. and Matson, M. and Blondia, C. and Barz, C. and Rogge, H. and Freitag, F. and Navarro, L. and Bonicioli, J. and Papathanasiou, S. and Escrich, P.},
  Journal                  = {ACM SIGCOMM Computer Commu. Review},
  Year                     = {2013},
  Number                   = {3},
  Pages                    = {68--73},
  Volume                   = {43},
}

@Article{Buyya2005,
  Title                    = {{The Grid Economy}},
  Author                   = {Buyya, R. and Abramson, D. and Venugopal, S.},
  Journal                  = {Proc. of the IEEE},
  Year                     = {2005},
  Number                   = {3},
  Pages                    = {698--714},
  Volume                   = {93},
}

@Article{Chard2012,
  Title                    = {{Social Cloud Computing: A Vision for Socially Motivated Resource Sharing}},
  Author                   = {Chard, K. and Bubendorfer, K. and Caton, S. and Rana, O. F.},
  Journal                  = {IEEE Trans. on Services Computing},
  Year                     = {2012},
  Number                   = {4},
  Pages                    = {551--563},
  Volume                   = {5},
}


@InProceedings{Gui2014Soar,
  Title                    = {{SOAR: Strategy-proof auction mechanisms for distributed cloud bandwidth reservation}},
  Author                   = {Gui, Y. and Zheng, Z. and Wu, F. and Gao, X. and Chen, G.},
  Booktitle                = {ICCS},
  Pages                    = {162--166},
  year = {2014},
}

@InProceedings{Nisan2001,
  Title                    = {{Algorithmic Mechanism Design}},
  Author                   = {Nisan, N. and Ronen, A.},
  Booktitle                = {STOC},
  Pages                    = {129--140},
  Year = {1999},
}

@InProceedings{Niu2012,
  Title                    = {{Pricing cloud bandwidth reservations under demand uncertainty}},
  Author                   = {Niu, D. and Feng, C. and Li, B.},
  Booktitle                = {SIGMETRICS},
  Pages                    = {151},
  Year                     = {2012}  
}

@inproceedings{Abraham:06,
 author = {Abraham, I. and Dolev, D. and Gonen, R. and Halpern, J.},
 title = {Distributed Computing Meets Game Theory: Robust Mechanisms for Rational Secret Sharing and Multiparty Computation},
 booktitle = {PODC},
 year = {2006},
 pages = {53--62},
} 

@inproceedings{Halpern:04,
 author = {Halpern, J. and Teague, V.},
 title = {Rational Secret Sharing and Multiparty Computation: Extended Abstract},
 booktitle = {STOC},
 year = {2004},
 pages = {623--632},
} 


@inproceedings{Popa2012,
 author = {Popa, L. and Krishnamurthy, A. and Ratnasamy, S. and Stoica, I.},
 title = {FairCloud: Sharing the Network in Cloud Computing},
 booktitle = {SIGCOMM},
 year = {2012},
 pages = {187-198},
} 

@article{Myerson:83,
title = "Efficient mechanisms for bilateral trading ",
journal = "Journal of Economic Theory ",
volume = "29",
number = "2",
pages = "265 - 281",
year = "1983",
author = "Myerson, R. B. and Satterthwaite, M. A."
}


@InProceedings{Xi2008,
  Title                    = {{Pricing, Competition, and Routing for Selfish and Strategic Nodes in Multi-Hop Relay Networks}},
  Author                   = {Xi, Y. and Yeh, E. M.},
  Booktitle                = {INFOCOM},
  Pages                    = {1463--1471},
}

@InProceedings{Xiao2013,
  Title                    = {{Fairness and efficiency tradeoffs for user cooperation in distributed wireless networks}},
  Author                   = {Xiao, Y. and Huang, J. and Yuen, C. and DaSilva, L. A.},
  Booktitle                = {INFOCOM'13},
  Pages                    = {285--289},
}


@InProceedings{Zhang2015Truthful,
  Title                    = {{A Truthful (1-$\epsilon$)-Optimal Mechanism for On-demand Cloud Resource Provisioning}},
  Author                   = {Zhang, X. and Wu, C. and Li, Z. and Lau, F. C. M.},
  Booktitle                = {INFOCOM},
  Year                     = {2015}
}


@Article{Zheng2014Star,
  Title                    = {{STAR: Strategy-Proof Double Auctions for Multi-Cloud, Multi-Tenant Bandwidth Reservation}},
  Author                   = {Zheng, Z. and Gui, Y. and Wu, F. and Chen, G.},
  Journal                  = {IEEE Trans. on Computers},
  Year                     = {2014},
  Number                   = {7},
  Pages                    = {2071 -- 2083},
  Volume                   = {64},
}

@InProceedings{Zhou2014,
  Title                    = {{Auction-based bandwidth allocation and scheduling in noncooperative wireless networks}},
  Author                   = {Zhou, H. and Leung, K. and Li, V. O. K.},
  Booktitle                = {IEEE ICC},
  Pages                    = {2556--2561},
  Year                     = {2014}  
}

@Article{Zhu2012,
  Title                    = {{Designing Truthful Spectrum Auctions for Multi-hop Secondary Networks}},
  Author                   = {Zhu, Y. and Li, B. and Li, Z.},
  Journal                  = {IEEE Trans. on Mobile Computing},
  Year                     = {2012},
  Number                   = {2},
  Pages                    = {316--327},
  Volume                   = {14},
}

@Misc{WCL2010,
  Title                    = {{Wireless Commons License for Open, Free \& Neutral Network}},
  Year                     = {2010},

  Url                      = {http://guifi.net/es/ProcomunXOLN},
  Urldate                  = {2014-06-30}
}

@Misc{PicoPeering2005,
  Title                    = {{Pico Peering Agreement v1.0}},
  Year                     = {2005},

  Url                      = {http://www.picopeer.net},
  Urldate                  = {2014-06-30}
}

@Misc{Wilensky1999NetLogo,
  Title                    = {{NetLogo}},

  Author                   = {Wilensky, Uri},
  Year                     = {1999},

  Institution              = {Center for Connected Learning and Computer-Based Modeling, Northwestern University, Evanston, IL},
  Url                      = {http://ccl.northwestern.edu/netlogo/},
}


@INPROCEEDINGS{Abraham:13,
  author = {Abraham, I. and Dolev, D. and Halpern, J. Y.},
  title = {Distributed protocols for leader election: a game-theoretic perspective},
  booktitle = {DISC},
  year = {2013},
  pages = {61-75}
}

@INPROCEEDINGS{Afek:14,
  author = {Afek, Yehuda and Ginzberg, Yehonatan and Feibish, Shir and Sulamy, Moshe},
  title = {Distributed computing building blocks for rational agents},
  booktitle = {PODC},
  year = {2014},
  pages = {406--415}
}


@Misc{ZeroMQ,
  Title                    = {{\O{}MQ}},

  Url                      = {http://zeromq.org/community},
}

@Misc{Cloudy,
  Title                    = {{Cloudy GNU/Linux Distribution}},

  Url                      = {http://cloudy.community},
}

@INPROCEEDINGS{Zhang:14, 
author={Zhang, L. and Li, Z. and Wu, C.}, 
booktitle={INFOCOM}, 
title={Dynamic resource provisioning in cloud computing: A randomized auction approach}, 
year={2014}, 
pages={433-441}, 
}

@Misc{ClommunityTestbed,
  Title                    = {{Community Cloud Testbed}},

  Url                      = {http://wiki.clommunity-project.eu/testbed:start},
}
