% Encoding: UTF-8

@InProceedings{Baig2015Community,
  author =    {Baig, Roger and Freitag, Felix and Khan, Amin M and Moll, Agusti and Navarro, Leandro and Centelles, Roger Pueyo and Vlassov, Vladimir},
  title =     {{Community Clouds at the Edge deployed in Guifi.net}},
  booktitle = {4th International Conference on Cloud Networking (CloudNet 2015)},
  year =      {2015},
  address =   {Niagara Falls, Canada},
  month =     {oct},
  publisher = {IEEE}
}

@InProceedings{Buyuksahin2013,
  author =    {Buyuksahin, Umit Cavus and Khan, Amin M and Freitag, Felix},
  title =     {{Support Service for Reciprocal Computational Resource Sharing in Wireless Community Networks}},
  booktitle = {5th International Workshop on Hot Topics in Mesh Networking (IEEE HotMESH 2013), within IEEE WoWMoM},
  year =      {2013},
  note =      {(CORE Rank C)},
  publisher = {IEEE},
  month =     {jun},
  doi =       {10.1109/WoWMoM.2013.6583482},
  url =       {http://ieeexplore.ieee.org/xpl/articleDetails.jsp?arnumber=6583482},
  address =   {Madrid, Spain}
}


@InProceedings{Freitag2014Energy,
  author =    {Freitag, Felix and Sharifi, Leila and Khan, Amin M and Navarro, Leandro and Baig, Roger and Escrich, Pau and Veiga, Luis},
  title =     {{A Look at Energy Efficient System Opportunities with Community Network Clouds}},
  booktitle = {Workshop on Energy-Efficient System (EES), within 2nd International Conference on ICT for Sustainability (IST4S 2014)},
  year =      {2014},
  address =   {Stockholm, Sweden},
  month =     {aug}
}

@InProceedings{Jimenez2013,
  author =    {Jim{\'{e}}nez, Javi and Baig, Roger and Escrich, Pau and Khan, Amin M and Freitag, Felix and Navarro, Leandro and Pietrosemoli, Ermanno and Zennaro, Marco and Payberah, Amir H and Vlassov, Vladimir},
  title =     {{Supporting cloud deployment in the Guifi.net community network}},
  booktitle = {5th Global Information Infrastructure and Networking Symposium (GIIS 2013)},
  year =      {2013},
  note =      {(CORE Rank C)},
  publisher = {IEEE},
  month =     {oct},
  isbn =      {978-1-4799-2969-6},
  doi =       {10.1109/GIIS.2013.6684361},
  url =       {http://ieeexplore.ieee.org/lpdocs/epic03/wrapper.htm?arnumber=6684361},
  address =   {Trento, Italy}
}

@InProceedings{Khan2013Clouds,
  author =    {Khan, Amin M and Sharifi, Leila and Navarro, Leandro and Veiga, Luis},
  title =     {{Clouds of Small Things: Provisioning Infrastructure-as-a-Service from within Community Networks}},
  booktitle = {2nd International Workshop on Community Networks and Bottom-up-Broadband (CNBuB 2013), within IEEE WiMob},
  year =      {2013},
  publisher = {IEEE},
  month =     {oct},
  isbn =      {978-1-4799-0428-0},
  pages =     {16--21},
  doi =       {10.1109/WiMOB.2013.6673334},
  url =       {http://ieeexplore.ieee.org/lpdocs/epic03/wrapper.htm?arnumber=6673334},
  address =   {Lyon, France}
}


@TechReport{Khan2013Distributed,
  author =      {Khan, Amin M and Buyuksahin, Umit Cavus and Freitag, Felix},
  title =       {{Distributed Architecture for Cloud System tailored for Wireless Community Networks}},
  institution = {Universitat Polit{\`{e}}cnica de Catalunya},
  number =      {UPC-DAC-RR-XCSD-2013-4},
  year =        {2013},
  address =     {Barcelona, Spain},
  month =       {may},
  publisher =   {Universitat Polit{\`{e}}cnica de Catalunya},
  url =         {https://www.ac.upc.edu/app/research-reports/html/research{\_}center{\_}index-XCSD-2013,ca.html}
}


@InCollection{Khan2013TowardsIncentives,
  author =    {Khan, Amin M and Buyuksahin, Umit Cavus and Freitag, Felix},
  title =     {{Towards Incentive-based Resource Assignment and Regulation in Clouds for Community Networks}},
  booktitle = {Economics of Grids, Clouds, Systems, and Services},
  publisher = {Springer International Publishing},
  year =      {2013},
  editor =    {Altmann, J{\"{o}}rn Altmann and Vanmechelen, Kurt and Rana, Omer F.},
  volume =    {8193},
  series =    {Lecture Notes in Computer Science},
  pages =     {197--211},
  address =   {Zaragoza, Spain},
  month =     {sep},
  doi =       {10.1007/978-3-319-02414-1{\_}15},
  url =       {http://link.springer.com/chapter/10.1007/978-3-319-02414-1{\_}15}
}


@InProceedings{Khan2014Architecture,
  author =    {Khan, Amin M and Selimi, Mennan and Freitag, Felix},
  title =     {{Towards Distributed Architecture for Collaborative Cloud Services in Community Networks}},
  booktitle = {6th International Conference on Intelligent Networking and Collaborative Systems (INCoS 2014)},
  year =      {2014},
  address =   {Salerno, Italy},
  month =     {sep},
  publisher = {IEEE},
  doi =       {10.1109/INCoS.2014.63},
  isbn =      {978-1-4799-6387-4},
  url =       {http://ieeexplore.ieee.org/lpdocs/epic03/wrapper.htm?arnumber=7057063}
}


@InCollection{Khan2014Macroeconomic,
  author =    {Khan, Amin M and Freitag, Felix},
  title =     {{Exploring the Role of Macroeconomic Mechanisms in Voluntary Resource Provisioning in Community Network Clouds}},
  booktitle = {11th International Symposium on Distributed Computing and Artificial Intelligence (DCAI 2014)},
  publisher = {Springer International Publishing},
  year =      {2014},
  volume =    {290},
  series =    {Advances in Intelligent Systems and Computing},
  pages =     {269--278},
  address =   {Salamanca, Spain},
  month =     {jun},
  doi =       {10.1007/978-3-319-07593-8{\_}32},
  isbn =      {978-3-319-07592-1},
  url =       {https://zenodo.org/record/8575 http://link.springer.com/chapter/10.1007/978-3-319-07593-8{\_}32}
}

@InProceedings{Khan2014Prototyping,
  author =    {Khan, Amin M and Buyuksahin, Umit Cavus and Freitag, Felix},
  title =     {{Prototyping Incentive-Based Resource Assignment for Clouds in Community Networks}},
  booktitle = {28th IEEE International Conference on Advanced Information Networking and Applications (AINA 2014)},
  year =      {2014},
  note =      {(Best Paper Award, CORE Rank B)},
  publisher = {IEEE},
  month =     {may},
  isbn =      {978-1-4799-3630-4},
  pages =     {719--726},
  doi =       {10.1109/AINA.2014.88},
  url =       {http://ieeexplore.ieee.org/lpdocs/epic03/wrapper.htm?arnumber=6838735},
  address =   {Victoria, Canada}
}


@Article{Khan2014Sparks,
  author =  {Khan, Amin M and Freitag, Felix},
  title =   {{Sparks in the Fog: Social and Economic Mechanisms as Enablers for Community Network Clouds}},
  journal = {ADCAIJ: Advances in Distributed Computing and Artificial Intelligence Journal},
  year =    {2014},
  volume =  {3},
  number =  {8},
  doi =     {10.14201/ADCAIJ201438112},
  issn =    {2255-2863},
  url =     {http://campus.usal.es/{~}revistas{\_}trabajo/index.php/2255-2863/article/view/ADCAIJ201438112}
}


@InCollection{Khan2015CommunityClouds,
  author =    {Khan, Amin M and Freitag, Felix and Navarro, Leandro},
  title =     {{Community Clouds}},
  booktitle = {Encyclopedia of Cloud Computing},
  year =      {2016},
  editor =    {Murugesan, San and Bojanova, Irena},
  publisher = {Wiley-IEEE},
  isbn =      {978-1-118-82197-8},
  month =     {jun}
}


@InProceedings{Khan2015Current,
  author =    {Khan, Amin M and Freitag, Felix and Rodrigues, Luis},
  title =     {{Current Trends and Future Directions in Community Edge Clouds}},
  booktitle = {4th International Conference on Cloud Networking (CloudNet 2015)},
  year =      {2015},
  address =   {Niagara Falls, Canada},
  month =     {oct},
  publisher = {IEEE}
}

@InProceedings{Khan2015DSS,
  author =    {Khan, Amin M and Freitag, Felix and Gupta, Smrati and Munt{\'{e}}s-Mulero, Victor and Dominiak, Jacek and Matthews, Peter},
  title =     {{On Supporting Service Selection for Collaborative Multi-Cloud Ecosystems in Community Networks}},
  booktitle = {29th IEEE International Conference on Advanced Information Networking and Applications (AINA 2015)},
  year =      {2015},
  note =      {(CORE Rank B)},
  month =     {mar},
  doi =       {10.1109/AINA.2015.247},
  address =   {Gwangju, Korea}
}


@InCollection{Khan2015Enabling,
  author =    {Khan, Amin M and Freitag, Felix and Navarro, Leandro and Baig, Roger},
  title =     {{Enabling Clouds in Community Networks}},
  booktitle = {European Project Space on Research and Applications of Information and Communication Systems},
  publisher = {SCITEPRESS},
  year =      {2016},
  editor =    {Cerqueira, Carlos and Uhomoibhi, James},
  address =   {Lisbon, Portugal}
}

@Article{Khan2015Incentive,
  author =  {Khan, Amin M and Buyuksahin, Umit Cavus and Freitag, Felix},
  title =   {{Incentive-based resource assignment and regulation for collaborative cloud services in community networks}},
  year =    {2015},
  volume =  {81},
  number =  {8},
  month =   {dec},
  pages =   {1479--1495},
  note =    {(JCR IF: 1.138, Q2)},
  issn =    {00220000},
  doi =     {10.1016/j.jcss.2014.12.023},
  url =     {http://www.sciencedirect.com/science/article/pii/S0022000014001871 http://linkinghub.elsevier.com/retrieve/pii/S0022000014001871},
  journal = {Journal of Computer and System Sciences}
}


@InProceedings{Khan2015Towards,
  author =    {Khan, Amin M and Vila{\c{c}}a, Xavier and Rodrigues, Luis and Freitag, Felix},
  title =     {{Towards Incentive-Compatible Pricing for Bandwidth Reservation in Community Network Clouds}},
  booktitle = {12th International Conference on Economics of Grids, Clouds, Systems, and Services (GECON 2015)},
  year =      {2015},
  address =   {Cluj-Napoca, Romania},
  month =     {sep},
  publisher = {Springer International Publishing}
}

@InProceedings{Khan2016Distributed,
  author =    {Khan, Amin M and Vila{\c{c}}a, Xavier and Rodrigues, Luis and Freitag, Felix},
  title =     {{A Distributed Auctioneer for Resource Allocation in Decentralized Systems}},
  booktitle = {36th IEEE International Conference on Distributed Computing Systems (ICDCS 2016)},
  year =      {2016},
  note =      {(CORE Rank A)},
  month =     {jun},
  address =   {Nara, Japan}
}

@InProceedings{Selimi2014Cloud,
  author =    {Selimi, Mennan and Florit, Jorge L and Vega, Davide and Meseguer, Roc and Lopez, Ester and Khan, Amin M and Neumann, Axel and Freitag, Felix and Navarro, Leandro and Baig, Roger and Escrich, Pau and Moll, Agusti and {Pueyo Centelles}, Roger and Vilata, Ivan and Aymerich, Marc and Lamora, Santiago},
  title =     {{Cloud-Based Extension for Community-Lab}},
  booktitle = {22nd International Symposium on Modeling, Analysis and Simulation of Computer and Telecommunication Systems (MASCOTS 2014)},
  year =      {2014},
  note =      {(CORE Rank A)},
  publisher = {IEEE},
  month =     {sep},
  isbn =      {978-1-4799-5610-4},
  pages =     {502--505},
  doi =       {10.1109/MASCOTS.2014.73},
  url =       {http://ieeexplore.ieee.org/lpdocs/epic03/wrapper.htm?arnumber=7033694},
  address =   {Paris, France}
}

@Article{Selimi2015Cloud,
  author =  {Selimi, Mennan and Khan, Amin M and Dimogerontakis, Emmanouil and Freitag, Felix and Centelles, Roger Pueyo},
  title =   {{Cloud services in the Guifi.net community network}},
  year =    {2015},
  volume =  {93},
  number =  {P2},
  month =   {dec},
  pages =   {373--388},
  note =    {(JCR IF: 1.256, Q2)},
  issn =    {13891286},
  doi =     {10.1016/j.comnet.2015.09.007},
  url =     {http://linkinghub.elsevier.com/retrieve/pii/S1389128615003175},
  journal = {Computer Networks}
}
