% Encoding: UTF-8

@InProceedings{Abraham:06,
  author =    {Abraham, I and Dolev, D and Gonen, R and Halpern, J},
  title =     {{Distributed Computing Meets Game Theory: Robust Mechanisms for Rational Secret Sharing and Multiparty Computation}},
  booktitle = {PODC},
  year =      {2006},
  pages =     {53--62}
}

@InCollection{Abraham2013,
  author =    {Abraham, Ittai and Dolev, Danny and Halpern, Joseph Y.},
  title =     {{Distributed Protocols for Leader Election: A Game-Theoretic Perspective}},
  booktitle = {DISC},
  year =      {2013},
  volume =    {8205},
  series =    {LNCS},
  pages =     {61--75},
  doi =       {10.1007/978-3-642-41527-2{\_}5},
  url =       {http://link.springer.com/10.1007/978-3-642-41527-2{\_}5},
  address =   {Jerusalem, Israel},
  month =     {oct}
}

@InProceedings{Afek2014,
  author =    {Afek, Yehuda and Ginzberg, Yehonatan and {Landau Feibish}, Shir and Sulamy, Moshe},
  title =     {{Distributed computing building blocks for rational agents}},
  booktitle = {PODC},
  year =      {2014},
  publisher = {ACM Press},
  month =     {jul},
  isbn =      {9781450329446},
  pages =     {406--415},
  doi =       {10.1145/2611462.2611481},
  url =       {http://dl.acm.org/citation.cfm?id=2611462.2611481},
  address =   {New York, NY, USA}
}

@Article{Aiyer2005,
  author =  {Aiyer, Amitanand S. and Alvisi, Lorenzo and Clement, Allen and Dahlin, Mike and Martin, Jean-Philippe and Porth, Carl},
  title =   {{BAR fault tolerance for cooperative services}},
  year =    {2005},
  volume =  {39},
  number =  {5},
  month =   {oct},
  pages =   {45},
  issn =    {01635980},
  doi =     {10.1145/1095809.1095816},
  url =     {http://portal.acm.org/citation.cfm?doid=1095809.1095816},
  isbn =    {1595930795},
  journal = {ACM SIGOPS Operating Systems Review}
}

@Book{Albert2004Parecon,
  author =    {Albert, Michael},
  title =     {{Parecon: Life After Capitalism}},
  year =      {2004},
  publisher = {Verso Books},
  isbn =      {9781844675050},
  url =       {https://books.google.pt/books/about/Parecon.html http://www.versobooks.com/books/85-parecon}
}

@Article{Anderson2002,
  author =  {Anderson, David P. and Cobb, Jeff and Korpela, Eric and Lebofsky, Matt and Werthimer, Dan},
  title =   {{SETI@home: an experiment in public-resource computing}},
  year =    {2002},
  volume =  {45},
  number =  {11},
  month =   {nov},
  pages =   {56--61},
  issn =    {00010782},
  doi =     {10.1145/581571.581573},
  url =     {http://portal.acm.org/citation.cfm?doid=581571.581573},
  journal = {Communications of the ACM}
}

@InProceedings{Anderson2004,
  author =    {Anderson, David P},
  title =     {{BOINC : A System for Public-Resource Computing and Storage}},
  booktitle = {5th IEEE/ACM International Workshop on Grid Computing},
  year =      {2004},
  month =     {nov},
  pages =     {4--10},
  doi =       {10.1109/GRID.2004.14},
  url =       {http://ieeexplore.ieee.org/xpls/abs{\_}all.jsp?arnumber=1382809},
  address =   {Pittsburgh, USA}
}

@Book{Anderson2010,
  author =    {Anderson, J Chris and Lehnardt, Jan and Slater, Noah},
  title =     {{CouchDB: The Definitive Guide}},
  year =      {2010},
  edition =   {1st},
  publisher = {O'Reilly Media, Inc.},
  isbn =      {0596155891, 9780596155896},
  url =       {http://guide.couchdb.org/}
}

@Online{Awmn,
  title =     {{Athens Wireless Metropolitan Network (AWMN)}},
  year =      {2016},
  url =       {http://www.awmn.net/},
  shorthand = {Ath16}
}

@InCollection{Babaioff2007,
  author =    {Babaioff, Moshe and Chuang, John and Feldman, Michal},
  title =     {{Incentives in peer-to-peer systems}},
  booktitle = {Algorithmic Game Theory},
  year =      {2007},
  editor =    {Nisan, Noam and Roughgarden, Tim and Tardos, Eva and Vazirani, Vijay},
  publisher = {Cambridge University Press},
  isbn =      {9780521872829},
  pages =     {593--612},
  url =       {http://kot.rogacz.com/Science/Studies/08/atg/wyklad/Nisan{\_}Non-printable.pdf{\#}page=614 http://www.cambridge.org/9780521872829 http://pluto.huji.ac.il/{~}mfeldman/research.php}
}

@InProceedings{Babaoglu2012,
  author =    {Babaoglu, Ozalp and Marzolla, Moreno and Tamburini, Michele},
  title =     {{Design and implementation of a P2P Cloud system}},
  booktitle = {27th Annual ACM Symposium on Applied Computing (SAC '12)},
  year =      {2012},
  publisher = {ACM Press},
  month =     {mar},
  isbn =      {9781450308571},
  pages =     {412----417},
  doi =       {10.1145/2245276.2245357},
  url =       {http://dl.acm.org/citation.cfm?id=2245276.2245357 http://dl.acm.org/citation.cfm?doid=2245276.2245357},
  address =   {New York, NY, USA}
}

@InProceedings{Baig2015Community,
  author =    {Baig, Roger and Freitag, Felix and Khan, Amin M and Moll, Agusti and Navarro, Leandro and Centelles, Roger Pueyo and Vlassov, Vladimir},
  title =     {{Community Clouds at the Edge deployed in Guifi.net}},
  booktitle = {4th International Conference on Cloud Networking (CloudNet 2015)},
  year =      {2015},
  publisher = {IEEE},
  month =     {oct},
  address =   {Niagara Falls, Canada}
}

@Article{Baig2015Guifi,
  author =  {Baig, Roger and Roca, Ramon and Freitag, Felix and Navarro, Leandro},
  title =   {guifi.net, a crowdsourced network infrastructure held in common},
  year =    {2015},
  volume =  {90},
  month =   {oct},
  pages =   {150--165},
  issn =    {13891286},
  doi =     {10.1016/j.comnet.2015.07.009},
  url =     {http://linkinghub.elsevier.com/retrieve/pii/S1389128615002327},
  journal = {Computer Networks}
}

@InProceedings{Beberg2009,
  author =    {Beberg, Adam L. and Ensign, Daniel L. and Jayachandran, Guha and Khaliq, Siraj and Pande, Vijay S.},
  title =     {{Folding@home: Lessons From Eight Years of Volunteer Distributed Computing}},
  booktitle = {8th IEEE International Workshop on High Performance Computational Biology (HiCOMB '09), within IPDPS},
  year =      {2009},
  publisher = {IEEE},
  month =     {may},
  isbn =      {978-1-4244-3751-1},
  pages =     {1--8},
  doi =       {10.1109/IPDPS.2009.5160922},
  url =       {http://ieeexplore.ieee.org/lpdocs/epic03/wrapper.htm?arnumber=5160922},
  address =   {Rome, Italy}
}

@Article{BenYehuda2013,
  author =  {{Agmon Ben-Yehuda}, Orna and Ben-Yehuda, Muli and Schuster, Assaf and Tsafrir, Dan},
  title =   {{Deconstructing Amazon EC2 Spot Instance Pricing}},
  year =    {2013},
  volume =  {1},
  number =  {3},
  month =   {sep},
  pages =   {1--20},
  issn =    {21678375},
  doi =     {10.1145/2509413.2509416},
  url =     {http://dl.acm.org/citation.cfm?doid=2509413.2509416},
  journal = {ACM Transactions on Economics and Computation}
}

@InProceedings{Bina2006,
  author =    {Bina, Maria and Giaglis, GM},
  title =     {{Unwired Collective Action: Motivations of Wireless Community Participants}},
  booktitle = {International Conference on Mobile Business (ICMB'06)},
  year =      {2006},
  publisher = {IEEE},
  month =     {jun},
  isbn =      {0-7695-2595-4},
  pages =     {31--31},
  doi =       {10.1109/ICMB.2006.48},
  url =       {http://ieeexplore.ieee.org/xpls/abs{\_}all.jsp?arnumber=4124126 http://ieeexplore.ieee.org/lpdocs/epic03/wrapper.htm?arnumber=1690453},
  address =   {Copenhagen, Denmark}
}

@Article{Braem2013,
  author =  {Braem, Bart and {Baig Vi{\~{n}}as}, Roger and Kaplan, Aaron L. and Neumann, Axel and {Vilata i Balaguer}, Ivan and Tatum, Blaine and Matson, Malcolm and Blondia, Chris and Barz, Christoph and Rogge, Henning and Freitag, Felix and Navarro, Leandro and Bonicioli, Joseph and Papathanasiou, Stavros and Escrich, Pau},
  title =   {{A case for research with and on community networks}},
  year =    {2013},
  volume =  {43},
  number =  {3},
  month =   {jul},
  pages =   {68--73},
  issn =    {01464833},
  doi =     {10.1145/2500098.2500108},
  url =     {http://dl.acm.org/citation.cfm?doid=2500098.2500108},
  journal = {ACM SIGCOMM Computer Communication Review}
}

@InProceedings{Buyuksahin2013,
  author =    {Buyuksahin, Umit Cavus and Khan, Amin M and Freitag, Felix},
  title =     {{Support Service for Reciprocal Computational Resource Sharing in Wireless Community Networks}},
  booktitle = {5th International Workshop on Hot Topics in Mesh Networking (IEEE HotMESH 2013), within IEEE WoWMoM},
  year =      {2013},
  publisher = {IEEE},
  month =     {jun},
  doi =       {10.1109/WoWMoM.2013.6583482},
  url =       {http://ieeexplore.ieee.org/xpl/articleDetails.jsp?arnumber=6583482},
  address =   {Madrid, Spain}
}

@MastersThesis{Buyuksahin2013Thesis,
  author = {Buyuksahin, Umit Cavus},
  title =  {{On Incentive Mechanisms for Resource Sharing in Community Clouds}},
  year =   {2013},
  type =   {Master's thesis},
  number = {June},
  school = {Universitat Polit{\`{e}}cnica de Catalunya}
}

@Article{Buyya2002Economic,
  author =  {Buyya, Rajkumar and Abramson, David and Giddy, Jonathan and Stockinger, Heinz},
  title =   {{Economic models for resource management and scheduling in Grid computing}},
  year =    {2002},
  volume =  {14},
  number =  {13-15},
  month =   {nov},
  pages =   {1507--1542},
  issn =    {1532-0626},
  doi =     {10.1002/cpe.690},
  url =     {http://doi.wiley.com/10.1002/cpe.690},
  journal = {Concurrency and Computation: Practice and Experience}
}

@Article{Buyya2005,
  author =    {Buyya, Rajkumar and Abramson, David and Venugopal, Srikumar},
  title =     {{The Grid Economy}},
  year =      {2005},
  volume =    {93},
  number =    {3},
  month =     {mar},
  pages =     {698--714},
  issn =      {00189219},
  doi =       {10.1109/JPROC.2004.842784},
  url =       {http://ieeexplore.ieee.org/articleDetails.jsp?arnumber=1398022},
  isbn =      {00189219 (ISSN)},
  journal =   {Proceedings of the IEEE},
  publisher = {IEEE}
}

@Book{Buyya2011CloudComputing,
  author =    {Buyya, Rajkumar and Broberg, James and Goscinski, Andrzej},
  title =     {{Cloud Computing: Principles and Paradigms}},
  year =      {2011},
  publisher = {John Wiley {\&} Sons, Inc.},
  isbn =      {9780470887998},
  doi =       {10.1002/9780470940105},
  issn =      {15320820},
  pmid =      {10856999}
}

@InProceedings{Cappos2009,
  author =    {Cappos, Justin and Beschastnikh, Ivan and Krishnamurthy, Arvind and Anderson, Tom},
  title =     {{Seattle: a platform for educational cloud computing}},
  booktitle = {40th ACM Technical Symposium on Computer Science Education (SIGCSE 2009)},
  year =      {2009},
  publisher = {ACM},
  month =     {mar},
  isbn =      {9781605581835},
  pages =     {111--115},
  doi =       {10.1145/1508865.1508905},
  url =       {http://dl.acm.org/citation.cfm?id=1508905 http://portal.acm.org/citation.cfm?doid=1508865.1508905},
  address =   {Chattanooga, USA}
}

@Article{Caton2014,
  author =  {Caton, Simon and Haas, Christian and Chard, Kyle and Bubendorfer, Kris and Rana, Omer F.},
  title =   {{A Social Compute Cloud: Allocating and Sharing Infrastructure Resources via Social Networks}},
  year =    {2014},
  volume =  {7},
  number =  {3},
  month =   {jul},
  pages =   {359--372},
  issn =    {1939-1374},
  doi =     {10.1109/TSC.2014.2303091},
  url =     {http://ieeexplore.ieee.org/lpdocs/epic03/wrapper.htm?arnumber=6727497},
  journal = {IEEE Transactions on Services Computing}
}

@Article{Chard2012,
  author =  {Chard, Kyle and Bubendorfer, Kris and Caton, Simon and Rana, Omer F.},
  title =   {{Social Cloud Computing: A Vision for Socially Motivated Resource Sharing}},
  year =    {2012},
  volume =  {5},
  number =  {4},
  month =   {jan},
  pages =   {551--563},
  issn =    {1939-1374},
  doi =     {10.1109/TSC.2011.39},
  url =     {http://ieeexplore.ieee.org/lpdocs/epic03/wrapper.htm?arnumber=5928319},
  journal = {IEEE Transactions on Services Computing}
}

@Article{Chun2003,
  author =  {Chun, Brent and Culler, David and Roscoe, Timothy and Bavier, Andy and Peterson, Larry and Wawrzoniak, Mike and Bowman, Mic},
  title =   {{PlanetLab: An Overlay Testbed for Broad-Coverage Services}},
  year =    {2003},
  volume =  {33},
  number =  {3},
  month =   {jul},
  pages =   {3--12},
  issn =    {01464833},
  doi =     {10.1145/956993.956995},
  url =     {http://dl.acm.org/citation.cfm?id=956995},
  journal = {ACM SIGCOMM Computer Communication Review}
}

@Online{ClommunityTestbed,
  title =     {{Community Cloud Testbed}},
  year =      {2016},
  url =       {http://wiki.clommunity-project.eu/testbed:start},
  shorthand = {Com16a}
}

@Online{Cloudy,
  title =     {{Cloudy GNU/Linux Distribution}},
  year =      {2016},
  url =       {http://cloudy.community},
  shorthand = {Clo16}
}

@Online{CommunityLab,
  title =     {{Community-Lab: Community Networks Testbed by the CONFINE Project}},
  year =      {2016},
  url =       {http://community-lab.net/},
  shorthand = {Com16b}
}

@Article{Courcoubetis2012,
  author =  {Courcoubetis, Costas and Weber, Richard},
  title =   {{Economic Issues in Shared Infrastructures}},
  year =    {2012},
  volume =  {20},
  number =  {2},
  month =   {apr},
  pages =   {594--608},
  issn =    {1063-6692},
  doi =     {10.1109/TNET.2011.2163824},
  url =     {http://ieeexplore.ieee.org/lpdocs/epic03/wrapper.htm?arnumber=6006561},
  isbn =    {9781605585956},
  journal = {IEEE/ACM Transactions on Networking}
}

@Article{Distefano2012,
  author =  {Distefano, Salvatore and Puliafito, Antonio},
  title =   {{Cloud@Home: Toward a Volunteer Cloud}},
  year =    {2012},
  volume =  {14},
  number =  {1},
  month =   {jan},
  pages =   {27--31},
  issn =    {1520-9202},
  doi =     {10.1109/MITP.2011.111},
  url =     {http://ieeexplore.ieee.org/xpls/abs{\_}all.jsp?arnumber=6109218 http://ieeexplore.ieee.org/lpdocs/epic03/wrapper.htm?arnumber=6109218},
  journal = {IT Professional}
}

@Article{Edelman2007,
  author =  {Edelman, Benjamin and Ostrovsky, Michael and Schwarz, Michael},
  title =   {{Internet advertising and the generalized second-price auction: Selling billions of dollars worth of keywords}},
  year =    {2007},
  volume =  {97},
  number =  {1},
  pages =   {242--259},
  issn =    {00028282},
  doi =     {10.1257/aer.97.1.242},
  isbn =    {00028282},
  journal = {American Economic Review}
}

@Book{Foster2003,
  author =    {Foster, Ian and Kesselman, Carl},
  title =     {{The Grid 2: Blueprint for a new computing infrastructure}},
  year =      {2003},
  publisher = {Elsevier}
}

@Online{Freifunk,
  title =     {{Freifunk}},
  year =      {2016},
  url =       {http://freifunk.net},
  shorthand = {Frei16}
}

@InProceedings{Freitag2014Energy,
  author =    {Freitag, Felix and Sharifi, Leila and Khan, Amin M and Navarro, Leandro and Baig, Roger and Escrich, Pau and Veiga, Luis},
  title =     {{A Look at Energy Efficient System Opportunities with Community Network Clouds}},
  booktitle = {Workshop on Energy-Efficient System (EES), within 2nd International Conference on ICT for Sustainability (IST4S 2014)},
  year =      {2014},
  month =     {aug},
  address =   {Stockholm, Sweden}
}

@Online{Funkfeuer,
  title =     {{FunkFeuer}},
  year =      {2016},
  url =       {http://funkfeuer.at/},
  shorthand = {Fun16}
}

@Article{Grosu2005,
  author =  {Grosu, Daniel and Chronopoulos, Anthony T.},
  title =   {{Noncooperative load balancing in distributed systems}},
  year =    {2005},
  volume =  {65},
  number =  {9},
  month =   {sep},
  pages =   {1022--1034},
  issn =    {07437315},
  doi =     {10.1016/j.jpdc.2005.05.001},
  url =     {http://www.sciencedirect.com/science/article/pii/S0743731505001152},
  journal = {Journal of Parallel and Distributed Computing}
}

@Article{Grozev2014,
  author =  {Grozev, Nikolay and Buyya, Rajkumar},
  title =   {{Inter-Cloud architectures and application brokering: Taxonomy and survey}},
  year =    {2014},
  volume =  {44},
  number =  {3},
  month =   {mar},
  pages =   {369--390},
  issn =    {00380644},
  doi =     {10.1002/spe.2168},
  url =     {http://doi.wiley.com/10.1002/spe.2168},
  journal = {Software: Practice and Experience}
}

@InProceedings{Gui2014Soar,
  author =    {Gui, Yang and Zheng, Zhenzhe and Wu, Fan and Gao, Xiaofeng and Chen, Guihai},
  title =     {{SOAR: Strategy-proof auction mechanisms for distributed cloud bandwidth reservation}},
  booktitle = {IEEE International Conference on Communication Systems (ICCS 2014)},
  year =      {2014},
  publisher = {IEEE},
  month =     {nov},
  isbn =      {978-1-4799-5832-0},
  pages =     {162--166},
  doi =       {10.1109/ICCS.2014.7024786},
  url =       {http://ieeexplore.ieee.org/lpdocs/epic03/wrapper.htm?arnumber=7024786},
  address =   {Macau}
}

@Online{Guifinet,
  title =     {{Guifi.net: Open, Free and Neutral Network Internet for everybody}},
  year =      {2016},
  url =       {http://guifi.net},
  shorthand = {Gui16}
}

@InProceedings{Guo2013,
  author =    {Guo, Jian and Liu, Fangming and Zeng, Dan and Lui, John C S and Jin, Hai},
  title =     {{A cooperative game based allocation for sharing data center networks}},
  booktitle = {32nd IEEE International Conference on Computer Communications (INFOCOM'13)},
  year =      {2013},
  publisher = {IEEE},
  month =     {apr},
  isbn =      {978-1-4673-5946-7},
  pages =     {2139--2147},
  doi =       {10.1109/INFCOM.2013.6567016},
  url =       {http://ieeexplore.ieee.org/lpdocs/epic03/wrapper.htm?arnumber=6567016},
  address =   {Turin, Italy}
}

@InProceedings{Halpern:04,
  author =    {Halpern, J and Teague, V},
  title =     {{Rational Secret Sharing and Multiparty Computation: Extended Abstract}},
  booktitle = {STOC},
  year =      {2004},
  pages =     {623--632}
}

@Article{Hurwicz1973,
  author =    {Hurwicz, Leonid},
  title =     {{The Design of Mechanisms for Resource Allocation}},
  year =      {1973},
  volume =    {63},
  number =    {2},
  pages =     {1--30},
  url =       {http://www.jstor.org/stable/1817047},
  journal =   {The American Economic Review},
  publisher = {American Economic Association}
}

@InProceedings{Jana2011,
  author =    {Jana, R. and Kannan, Karthik N. and {Yih-Farn Chen} and Jana, R. and Kannan, Karthik N.},
  title =     {{Using Generalized Second Price Auction for Congestion Pricing}},
  booktitle = {IEEE Global Telecommunications Conference (GLOBECOM 2011)},
  year =      {2011},
  month =     {dec},
  isbn =      {978-1-4244-9268-8},
  doi =       {10.1109/GLOCOM.2011.6134043},
  url =       {http://ieeexplore.ieee.org/articleDetails.jsp?arnumber=6134043 http://ieeexplore.ieee.org/lpdocs/epic03/wrapper.htm?arnumber=6134043},
  issn =      {1930-529X}
}

@InProceedings{Jang2014,
  author =    {Jang, Minsung and Schwan, Karsten and Bhardwaj, Ketan and Gavrilovska, Ada and Avasthi, Adhyas},
  title =     {{Personal clouds: Sharing and integrating networked resources to enhance end user experiences}},
  booktitle = {33rd Annual IEEE International Conference on Computer Communications (INFOCOM'14)},
  year =      {2014},
  publisher = {IEEE},
  month =     {apr},
  isbn =      {978-1-4799-3360-0},
  pages =     {2220--2228},
  doi =       {10.1109/INFOCOM.2014.6848165},
  url =       {http://ieeexplore.ieee.org/lpdocs/epic03/wrapper.htm?arnumber=6848165},
  address =   {Toronto, Canada}
}

@InProceedings{Jimenez2013,
  author =    {Jim{\'{e}}nez, Javi and Baig, Roger and Escrich, Pau and Khan, Amin M and Freitag, Felix and Navarro, Leandro and Pietrosemoli, Ermanno and Zennaro, Marco and Payberah, Amir H and Vlassov, Vladimir},
  title =     {{Supporting cloud deployment in the Guifi.net community network}},
  booktitle = {5th Global Information Infrastructure and Networking Symposium (GIIS 2013)},
  year =      {2013},
  publisher = {IEEE},
  month =     {oct},
  isbn =      {978-1-4799-2969-6},
  doi =       {10.1109/GIIS.2013.6684361},
  url =       {http://ieeexplore.ieee.org/lpdocs/epic03/wrapper.htm?arnumber=6684361},
  address =   {Trento, Italy}
}

@InProceedings{Khan2006Noncooperative,
  author =     {Khan, Samee Ullah and Ahmad, Ishfaq},
  title =      {{Non-cooperative, semi-cooperative, and cooperative games-based grid resource allocation}},
  booktitle =  {{20th International Parallel and Distributed Processing Symposium (IPDPS 2006)}},
  year =       {2006},
  publisher =  {IEEE},
  isbn =       {1-4244-0054-6},
  doi =        {10.1109/IPDPS.2006.1639358},
  url =        {http://ieeexplore.ieee.org/lpdocs/epic03/wrapper.htm?arnumber=1639358},
  journal =    {IPDPS},
  shorttitle = {Parallel and Distributed Processing Symposium, 200}
}

@InProceedings{Khan2013Clouds,
  author =    {Khan, Amin M and Sharifi, Leila and Navarro, Leandro and Veiga, Luis},
  title =     {{Clouds of Small Things: Provisioning Infrastructure-as-a-Service from within Community Networks}},
  booktitle = {2nd International Workshop on Community Networks and Bottom-up-Broadband (CNBuB 2013), within IEEE WiMob},
  year =      {2013},
  publisher = {IEEE},
  month =     {oct},
  isbn =      {978-1-4799-0428-0},
  pages =     {16--21},
  doi =       {10.1109/WiMOB.2013.6673334},
  url =       {http://ieeexplore.ieee.org/lpdocs/epic03/wrapper.htm?arnumber=6673334},
  address =   {Lyon, France}
}

@TechReport{Khan2013Distributed,
  author =      {Khan, Amin M and Buyuksahin, Umit Cavus and Freitag, Felix},
  title =       {{Distributed Architecture for Cloud System tailored for Wireless Community Networks}},
  institution = {Universitat Polit{\`{e}}cnica de Catalunya},
  year =        {2013},
  number =      {UPC-DAC-RR-XCSD-2013-4},
  month =       {may},
  url =         {https://www.ac.upc.edu/app/research-reports/html/research{\_}center{\_}index-XCSD-2013,ca.html},
  address =     {Barcelona, Spain},
  publisher =   {Universitat Polit{\`{e}}cnica de Catalunya}
}

@InCollection{Khan2013TowardsIncentives,
  author =    {Khan, Amin M and Buyuksahin, Umit Cavus and Freitag, Felix},
  title =     {{Towards Incentive-based Resource Assignment and Regulation in Clouds for Community Networks}},
  booktitle = {Economics of Grids, Clouds, Systems, and Services},
  year =      {2013},
  editor =    {Altmann, J{\"{o}}rn Altmann and Vanmechelen, Kurt and Rana, Omer F.},
  volume =    {8193},
  series =    {Lecture Notes in Computer Science},
  publisher = {Springer International Publishing},
  pages =     {197--211},
  doi =       {10.1007/978-3-319-02414-1{\_}15},
  url =       {http://link.springer.com/chapter/10.1007/978-3-319-02414-1{\_}15},
  address =   {Zaragoza, Spain},
  month =     {sep}
}

@InProceedings{Khan2014Architecture,
  author =    {Khan, Amin M and Selimi, Mennan and Freitag, Felix},
  title =     {{Towards Distributed Architecture for Collaborative Cloud Services in Community Networks}},
  booktitle = {6th International Conference on Intelligent Networking and Collaborative Systems (INCoS 2014)},
  year =      {2014},
  publisher = {IEEE},
  month =     {sep},
  isbn =      {978-1-4799-6387-4},
  doi =       {10.1109/INCoS.2014.63},
  url =       {http://ieeexplore.ieee.org/lpdocs/epic03/wrapper.htm?arnumber=7057063},
  address =   {Salerno, Italy}
}

@InCollection{Khan2014Macroeconomic,
  author =    {Khan, Amin M and Freitag, Felix},
  title =     {{Exploring the Role of Macroeconomic Mechanisms in Voluntary Resource Provisioning in Community Network Clouds}},
  booktitle = {11th International Symposium on Distributed Computing and Artificial Intelligence (DCAI 2014)},
  year =      {2014},
  volume =    {290},
  series =    {Advances in Intelligent Systems and Computing},
  publisher = {Springer International Publishing},
  isbn =      {978-3-319-07592-1},
  pages =     {269--278},
  doi =       {10.1007/978-3-319-07593-8{\_}32},
  url =       {https://zenodo.org/record/8575 http://link.springer.com/chapter/10.1007/978-3-319-07593-8{\_}32},
  address =   {Salamanca, Spain},
  month =     {jun}
}

@InProceedings{Khan2014Prototyping,
  author =    {Khan, Amin M and Buyuksahin, Umit Cavus and Freitag, Felix},
  title =     {{Prototyping Incentive-Based Resource Assignment for Clouds in Community Networks}},
  booktitle = {28th IEEE International Conference on Advanced Information Networking and Applications (AINA 2014)},
  year =      {2014},
  publisher = {IEEE},
  month =     {may},
  isbn =      {978-1-4799-3630-4},
  pages =     {719--726},
  doi =       {10.1109/AINA.2014.88},
  url =       {http://ieeexplore.ieee.org/lpdocs/epic03/wrapper.htm?arnumber=6838735},
  address =   {Victoria, Canada}
}

@Article{Khan2014Sparks,
  author =  {Khan, Amin M and Freitag, Felix},
  title =   {{Sparks in the Fog: Social and Economic Mechanisms as Enablers for Community Network Clouds}},
  year =    {2014},
  volume =  {3},
  number =  {8},
  issn =    {2255-2863},
  doi =     {10.14201/ADCAIJ201438112},
  url =     {http://campus.usal.es/{~}revistas{\_}trabajo/index.php/2255-2863/article/view/ADCAIJ201438112},
  journal = {ADCAIJ: Advances in Distributed Computing and Artificial Intelligence Journal}
}

@InCollection{Khan2015CommunityClouds,
  author =    {Khan, Amin M and Freitag, Felix and Navarro, Leandro},
  title =     {{Community Clouds}},
  booktitle = {Encyclopedia of Cloud Computing},
  year =      {2016},
  editor =    {Murugesan, San and Bojanova, Irena},
  publisher = {Wiley-IEEE},
  isbn =      {978-1-118-82197-8},
  month =     {jun}
}

@InProceedings{Khan2015Current,
  author =    {Khan, Amin M and Freitag, Felix and Rodrigues, Luis},
  title =     {{Current Trends and Future Directions in Community Edge Clouds}},
  booktitle = {4th International Conference on Cloud Networking (CloudNet 2015)},
  year =      {2015},
  publisher = {IEEE},
  month =     {oct},
  address =   {Niagara Falls, Canada}
}

@InProceedings{Khan2015DSS,
  author =    {Khan, Amin M and Freitag, Felix and Gupta, Smrati and Munt{\'{e}}s-Mulero, Victor and Dominiak, Jacek and Matthews, Peter},
  title =     {{On Supporting Service Selection for Collaborative Multi-Cloud Ecosystems in Community Networks}},
  booktitle = {29th IEEE International Conference on Advanced Information Networking and Applications (AINA 2015)},
  year =      {2015},
  month =     {mar},
  doi =       {10.1109/AINA.2015.247},
  address =   {Gwangju, Korea}
}

@InCollection{Khan2015Enabling,
  author =    {Khan, Amin M and Freitag, Felix and Navarro, Leandro and Baig, Roger},
  title =     {{Enabling Clouds in Community Networks}},
  booktitle = {European Project Space on Research and Applications of Information and Communication Systems},
  year =      {2016},
  editor =    {Cerqueira, Carlos and Uhomoibhi, James},
  publisher = {SCITEPRESS},
  address =   {Lisbon, Portugal}
}

@Article{Khan2015Incentive,
  author =  {Khan, Amin M and Buyuksahin, Umit Cavus and Freitag, Felix},
  title =   {{Incentive-based resource assignment and regulation for collaborative cloud services in community networks}},
  year =    {2015},
  volume =  {81},
  number =  {8},
  month =   {dec},
  pages =   {1479--1495},
  issn =    {00220000},
  doi =     {10.1016/j.jcss.2014.12.023},
  url =     {http://www.sciencedirect.com/science/article/pii/S0022000014001871 http://linkinghub.elsevier.com/retrieve/pii/S0022000014001871},
  journal = {Journal of Computer and System Sciences}
}

@InProceedings{Khan2015Towards,
  author =    {Khan, Amin M and Vila{\c{c}}a, Xavier and Rodrigues, Luis and Freitag, Felix},
  title =     {{Towards Incentive-Compatible Pricing for Bandwidth Reservation in Community Network Clouds}},
  booktitle = {12th International Conference on Economics of Grids, Clouds, Systems, and Services (GECON 2015)},
  year =      {2015},
  publisher = {Springer International Publishing},
  month =     {sep},
  address =   {Cluj-Napoca, Romania}
}

@InProceedings{Khan2016Distributed,
  author =    {Khan, Amin M and Vila{\c{c}}a, Xavier and Rodrigues, Luis and Freitag, Felix},
  title =     {{A Distributed Auctioneer for Resource Allocation in Decentralized Systems}},
  booktitle = {36th IEEE International Conference on Distributed Computing Systems (ICDCS 2016)},
  year =      {2016},
  month =     {jun},
  address =   {Nara, Japan}
}

@Book{Krishna2009,
  author =    {Krishna, Vijay},
  title =     {{Auction Theory}},
  year =      {2009},
  publisher = {Academic Press},
  isbn =      {0080922937},
  pages =     {336},
  url =       {https://books.google.com/books?hl=en{\&}lr={\&}id=qW1128ktG1gC{\&}pgis=1}
}

@Article{Lai2004,
  author =        {Lai, Kevin and Rasmusson, Lars and Adar, Eytan and Sorkin, Stephen and Zhang, Li and Huberman, Bernardo A.},
  title =         {{Tycoon: an Implementation of a Distributed, Market-based Resource Allocation System}},
  year =          {2004},
  volume =        {1},
  number =        {3},
  month =         {dec},
  pages =         {169--182},
  eprint =        {0412038},
  url =           {http://iospress.metapress.com/index/9DB9JL1N8TVL9U2K.pdf http://arxiv.org/abs/cs/0412038},
  archiveprefix = {arXiv},
  arxivid =       {cs/0412038},
  journal =       {Multiagent and Grid Systems},
  primaryclass =  {cs}
}

@Article{Lee2007,
  author =  {Lee, Seungjoon and Levin, Dave and Gopalakrishnan, Vijay and Bhattacharjee, Bobby},
  title =   {{Backbone construction in selfish wireless networks}},
  year =    {2007},
  volume =  {35},
  number =  {1},
  pages =   {121},
  issn =    {01635999},
  doi =     {10.1145/1269899.1254896},
  url =     {http://portal.acm.org/citation.cfm?doid=1269899.1254896},
  isbn =    {9781595936394},
  journal = {ACM SIGMETRICS Performance Evaluation Review}
}

@PhdThesis{Leon2013Economic,
  author = {Leon, Xavier},
  title =  {{Economic regulation for multi tenant infrastructures}},
  year =   {2013},
  type =   {PhD Thesis},
  url =    {http://hdl.handle.net/10803/129411},
  school = {Universitat Polit{\`{e}}cnica de Catalunya}
}

@InProceedings{Li2013Profit,
  author =    {Li, Hongxing and Wu, Chuan and Li, Zongpeng and Lau, Francis C. M.},
  title =     {{Profit-maximizing virtual machine trading in a federation of selfish clouds}},
  booktitle = {32nd IEEE International Conference on Computer Communications (INFOCOM'13)},
  year =      {2013},
  publisher = {IEEE},
  month =     {apr},
  isbn =      {978-1-4673-5946-7},
  pages =     {25--29},
  doi =       {10.1109/INFCOM.2013.6566728},
  url =       {http://ieeexplore.ieee.org/lpdocs/epic03/wrapper.htm?arnumber=6566728},
  address =   {Turin, Italy}
}

@InCollection{Lipmaa2003,
  author =    {Lipmaa, Helger and Asokan, N. and Niemi, Valtteri},
  title =     {{Secure Vickrey Auctions without Threshold Trust}},
  booktitle = {Financial Cryptography},
  year =      {2003},
  editor =    {Blaze, Matt},
  volume =    {2357},
  series =    {LNCS},
  number =    {1},
  publisher = {Springer Berlin Heidelberg},
  isbn =      {978-3-540-00646-6},
  pages =     {87--101},
  doi =       {10.1007/3-540-36504-4{\_}7},
  url =       {http://dx.doi.org/10.1007/3-540-36504-4{\_}7 http://eprints.ucl.ac.uk/13398/}
}

@InProceedings{Liu2010,
  author =    {Liu, Zhengye and Dhungel, Prithula and Wu, Di and Zhang, Chao and Ross, Keith W.},
  title =     {{Understanding and Improving Ratio Incentives in Private Communities}},
  booktitle = {ICDCS},
  year =      {2010},
  publisher = {IEEE},
  isbn =      {978-1-4244-7261-1},
  pages =     {610--621},
  doi =       {10.1109/ICDCS.2010.90},
  url =       {http://ieeexplore.ieee.org/articleDetails.jsp?arnumber=5541687},
  issn =      {1063-6927}
}

@Article{Lucking-Reiley2000,
  author =  {Lucking-Reiley, David},
  title =   {{Vickrey Auctions in Practice: From Nineteenth-Century Philately to Twenty-First-Century E-Commerce}},
  year =    {2000},
  volume =  {14},
  number =  {3},
  pages =   {183--192},
  issn =    {0895-3309},
  doi =     {10.1257/jep.14.3.183},
  journal = {Journal of Economic Perspectives}
}

@Article{Lucking-Reiley2000Auctions,
  author =  {Lucking-Reiley, David},
  title =   {{Auctions on the Internet: What's Being Auctioned, and How?}},
  year =    {2000},
  volume =  {48},
  number =  {3},
  pages =   {227--252},
  url =     {http://www.jstor.org/stable/117554},
  journal = {The Journal of Industrial Economics}
}

@Book{Maille2014,
  author =    {Maill{\'{e}}, Patrick and Tuffin, Bruno},
  title =     {{Telecommunication Network Economics: From Theory to Applications}},
  year =      {2014},
  publisher = {Cambridge University Press},
  isbn =      {1107782937},
  url =       {https://books.google.com/books?hl=en{\&}lr={\&}id=BnPtAgAAQBAJ{\&}pgis=1}
}

@InCollection{Marinos2009,
  author =        {Marinos, Alexandros and Briscoe, Gerard},
  title =         {{Community Cloud Computing}},
  booktitle =     {1st International Conference on Cloud Computing (CloudCom 2009)},
  year =          {2009},
  editor =        {Jaatun, MartinGilje and Zhao, Gansen and Rong, Chunming},
  volume =        {5931},
  series =        {LNCS},
  publisher =     {Springer Berlin Heidelberg},
  isbn =          {978-3-642-10664-4},
  pages =         {472--484},
  doi =           {10.1007/978-3-642-10665-1{\_}43},
  eprint =        {0907.2485},
  url =           {http://arxiv.org/abs/0907.2485 http://dx.doi.org/10.1007/978-3-642-10665-1{\_}43 http://link.springer.com/chapter/10.1007/978-3-642-10665-1{\_}43},
  address =       {Beijing, China},
  archiveprefix = {arXiv},
  arxivid =       {0907.2485},
  month =         {dec}
}

@Article{Mell2011,
  author =  {Mell, Peter and Grance, Timothy},
  title =   {{The NIST Definition of Cloud Computing}},
  year =    {2011},
  volume =  {800},
  number =  {145},
  url =     {http://csrc.nist.gov/publications/nistpubs/800-145/SP800-145.pdf},
  journal = {NIST Special Publication}
}

@Article{Micali2014,
  author =  {Micali, Silvio and Rabin, Michael O.},
  title =   {{Cryptography Miracles, Secure Auctions, Matching Problem Verification}},
  year =    {2014},
  volume =  {57},
  pages =   {85--93},
  issn =    {00010782},
  doi =     {10.1145/2574871},
  url =     {http://dl.acm.org/citation.cfm?doid=2556647.2574871 http://cacm.acm.org/magazines/2014/2/171688-cryptography-miracles-secure-auctions-matching-problem-verification/abstract},
  journal = {Communications of the ACM}
}

@Book{Murugesan2015Encyclopedia,
  author =    {Murugesan, San and Bojanova, Irena},
  title =     {{Encyclopedia of Cloud Computing}},
  year =      {2016},
  editor =    {Murugesan, San and Bojanova, Irena},
  publisher = {Wiley-IEEE},
  isbn =      {978-1118821978},
  pages =     {765},
  url =       {http://eu.wiley.com/WileyCDA/WileyTitle/productCd-1118821971.html},
  month =     {jun}
}

@Article{Myerson1983,
  author =  {Myerson, Roger B and Satterthwaite, Mark A},
  title =   {{Efficient mechanisms for bilateral trading}},
  year =    {1983},
  volume =  {29},
  number =  {2},
  month =   {apr},
  pages =   {265--281},
  issn =    {00220531},
  doi =     {10.1016/0022-0531(83)90048-0},
  url =     {http://www.sciencedirect.com/science/article/pii/0022053183900480 http://linkinghub.elsevier.com/retrieve/pii/0022053183900480},
  journal = {Journal of Economic Theory}
}

@Online{Ninux,
  title =     {{Ninux.org Wireless Network Community}},
  year =      {2016},
  url =       {http://ninux.org},
  shorthand = {Nin16}
}

@InProceedings{Nisan2001,
  author =    {Nisan, Noam and Ronen, Amir},
  title =     {{Algorithmic Mechanism Design}},
  booktitle = {STOC},
  year =      {1999},
  publisher = {ACM Press},
  month =     {apr},
  isbn =      {1581130678},
  pages =     {129--140},
  doi =       {10.1145/301250.301287},
  url =       {http://linkinghub.elsevier.com/retrieve/pii/S089982569990790X http://portal.acm.org/citation.cfm?doid=301250.301287},
  address =   {New York, NY, USA},
  issn =      {08998256}
}

@InProceedings{Niu2012,
  author =    {Niu, Di and Feng, Chen and Li, Baochun},
  title =     {{Pricing cloud bandwidth reservations under demand uncertainty}},
  booktitle = {SIGMETRICS},
  year =      {2012},
  publisher = {ACM Press},
  isbn =      {9781450310970},
  pages =     {151},
  doi =       {10.1145/2254756.2254776},
  url =       {http://dl.acm.org/citation.cfm?doid=2254756.2254776},
  address =   {New York, NY, USA}
}

@InProceedings{Niu2013,
  author =    {Niu, Di and Li, Baochun},
  title =     {{An Efficient Distributed Algorithm for Resource Allocation in Large-Scale Coupled Systems}},
  booktitle = {IEEE INFOCOM},
  year =      {2013},
  publisher = {IEEE},
  month =     {apr},
  isbn =      {9781467359467},
  pages =     {1501--1509},
  address =   {Turin, Italy}
}

@Article{Niyato2013,
  author =     {Niyato, Dusit},
  title =      {{Auction Approaches for Resource Allocation in Wireless Systems: A Survey}},
  year =       {2013},
  volume =     {15},
  number =     {3},
  pages =      {1020--1041},
  issn =       {1553-877X},
  doi =        {10.1109/SURV.2012.110112.00125},
  url =        {http://ieeexplore.ieee.org/lpdocs/epic03/wrapper.htm?arnumber=6365159},
  journal =    {IEEE Communications Surveys {\&} Tutorials},
  shorttitle = {Communications Surveys {\&} Tutorials, IEEE}
}

@Online{NYSE2012,
  title =     {{NYSE Technologies Introduces the World's First Capital Markets Community Platform}},
  year =      {2012},
  url =       {http://www1.nyse.com/press/1306838249812.html},
  shorthand = {Nys12}
}

@Online{OpenNebula,
  title =     {{OpenNebula: Open Source Data Center Virtualization}},
  year =      {2016},
  url =       {http://opennebula.org/},
  shorthand = {Ope16a}
}

@Online{OpenStack,
  title =     {{OpenStack: Open Source Cloud Computing Software}},
  year =      {2016},
  url =       {http://www.openstack.org/},
  shorthand = {Ope16b}
}

@Online{Openwrt,
  title =     {{OpenWrt: Linux distribution for embedded devices}},
  year =      {2016},
  url =       {http://openwrt.org/},
  shorthand = {Ope16c}
}

@Online{Optum2012,
  title =     {{Optum Health Care Cloud Environment}},
  year =      {2012},
  url =       {http://www.unitedhealthgroup.com/newsroom/articles/news/optum/2012/0214cloud.aspx},
  shorthand = {Opt12}
}

@Article{Palmieri2013Distributed,
  author =    {Palmieri, Francesco and Buonanno, Luigi and Venticinque, Salvatore and Aversa, Rocco and {Di Martino}, Beniamino},
  title =     {{A distributed scheduling framework based on selfish autonomous agents for federated cloud environments}},
  year =      {2013},
  volume =    {29},
  number =    {6},
  month =     {aug},
  pages =     {1461--1472},
  issn =      {0167739X},
  doi =       {10.1016/j.future.2013.01.012},
  url =       {http://linkinghub.elsevier.com/retrieve/pii/S0167739X13000289},
  isbn =      {0815010273},
  journal =   {Future Generation Computer Systems},
  publisher = {Elsevier B.V.}
}

@Online{PicoPeering2005,
  title =     {{Pico Peering Agreement v1.0}},
  year =      {2005},
  url =       {http://www.picopeer.net},
  shorthand = {Pic05}
}

@InProceedings{Popa2012,
  author =    {Popa, Lucian and Kumar, Gautam and Chowdhury, Mosharaf and Krishnamurthy, Arvind and Ratnasamy, Sylvia and Stoica, Ion},
  title =     {{FairCloud: sharing the network in cloud computing}},
  booktitle = {SIGCOMM},
  year =      {2012},
  publisher = {ACM Press},
  isbn =      {9781450314190},
  pages =     {187},
  doi =       {10.1145/2342356.2342396},
  url =       {http://dl.acm.org/citation.cfm?id=2342396 http://dl.acm.org/citation.cfm?doid=2342356.2342396},
  address =   {New York, NY, USA}
}

@Article{Punceva2013,
  author =  {Punceva, Magdalena and Rodero, Ivan and Parashar, Manish and Rana, Omer F. and Petri, Ioan},
  title =   {{Incentivising resource sharing in social clouds}},
  year =    {2013},
  month =   {mar},
  issn =    {15320626},
  doi =     {10.1002/cpe.3009},
  url =     {http://doi.wiley.com/10.1002/cpe.3009},
  journal = {Concurrency and Computation: Practice and Experience}
}

@InProceedings{Rahman2010,
  author =    {Rahman, R. and Meulpolder, M. and Hales, D. and Pouwelse, J. and Epema, D. and Sips, H.},
  title =     {{Improving Efficiency and Fairness in P2P Systems with Effort-Based Incentives}},
  booktitle = {{IEEE International Conference on Communications (ICC 2010)}},
  year =      {2010},
  publisher = {IEEE},
  month =     {may},
  isbn =      {978-1-4244-6402-9},
  pages =     {1--5},
  doi =       {10.1109/ICC.2010.5502544},
  url =       {http://ieeexplore.ieee.org/lpdocs/epic03/wrapper.htm?arnumber=5502544},
  address =   {Cape Town, South Africa}
}

@Article{Riley1981,
  author =    {Riley, John G. and Samuelson, William F},
  title =     {{Optimal Auctions}},
  year =      {1981},
  volume =    {71},
  number =    {3},
  pages =     {381--392},
  issn =      {00028282},
  url =       {http://www.jstor.org/stable/1802786},
  journal =   {The American Economic Review},
  publisher = {American Economic Association}
}

@Article{Rodrigues2010,
  author =  {Rodrigues, Rodrigo and Druschel, Peter},
  title =   {{Peer-to-peer systems}},
  year =    {2010},
  volume =  {53},
  number =  {10},
  pages =   {72--82},
  issn =    {00010782},
  doi =     {10.1145/1831407.1831427},
  isbn =    {3540441794},
  journal = {Communications of the ACM}
}

@Article{Sandholm2000,
  author =  {Sandholm, Tuomas},
  title =   {{Issues in Computational Vickrey Auctions}},
  year =    {2000},
  volume =  {4},
  number =  {3},
  pages =   {1--35},
  issn =    {10864415},
  url =     {http://www.cs.cmu.edu/afs/cs.cmu.edu/Web/People/sandholm/vickrey.IJEC.pdf},
  journal = {International Journal of Electronic Commerce}
}

@Article{Satyanarayanan2009,
  author =     {Satyanarayanan, M. and Bahl, P. and Caceres, R. and Davies, N.},
  title =      {{The Case for VM-Based Cloudlets in Mobile Computing}},
  year =       {2009},
  volume =     {8},
  number =     {4},
  month =      {oct},
  pages =      {14--23},
  issn =       {1536-1268},
  doi =        {10.1109/MPRV.2009.82},
  url =        {http://ieeexplore.ieee.org/lpdocs/epic03/wrapper.htm?arnumber=5280678},
  journal =    {IEEE Pervasive Computing},
  shorttitle = {Pervasive Computing, IEEE}
}

@InProceedings{Selimi2014Cloud,
  author =    {Selimi, Mennan and Florit, Jorge L and Vega, Davide and Meseguer, Roc and Lopez, Ester and Khan, Amin M and Neumann, Axel and Freitag, Felix and Navarro, Leandro and Baig, Roger and Escrich, Pau and Moll, Agusti and {Pueyo Centelles}, Roger and Vilata, Ivan and Aymerich, Marc and Lamora, Santiago},
  title =     {{Cloud-Based Extension for Community-Lab}},
  booktitle = {22nd International Symposium on Modeling, Analysis and Simulation of Computer and Telecommunication Systems (MASCOTS 2014)},
  year =      {2014},
  publisher = {IEEE},
  month =     {sep},
  isbn =      {978-1-4799-5610-4},
  pages =     {502--505},
  doi =       {10.1109/MASCOTS.2014.73},
  url =       {http://ieeexplore.ieee.org/lpdocs/epic03/wrapper.htm?arnumber=7033694},
  address =   {Paris, France}
}

@Article{Selimi2015Cloud,
  author =  {Selimi, Mennan and Khan, Amin M and Dimogerontakis, Emmanouil and Freitag, Felix and Centelles, Roger Pueyo},
  title =   {{Cloud services in the Guifi.net community network}},
  year =    {2015},
  volume =  {93},
  number =  {P2},
  month =   {dec},
  pages =   {373--388},
  issn =    {13891286},
  doi =     {10.1016/j.comnet.2015.09.007},
  url =     {http://linkinghub.elsevier.com/retrieve/pii/S1389128615003175},
  journal = {Computer Networks}
}

@Online{Serf,
  title =     {{Serf}},
  year =      {2016},
  url =       {https://www.serfdom.io/},
  shorthand = {Ser16}
}

@Book{Shen2010,
  author =    {Shen, Xuemin and Yu, Heather and Buford, John and Akon, Mursalin},
  title =     {{Handbook of Peer-to-Peer Networking}},
  year =      {2010},
  volume =    {1},
  publisher = {Springer Heidelberg},
  isbn =      {978-0-387-09751-0}
}

@InProceedings{Shen2014NewBandwidth,
  author =    {Shen, Haiying and Li, Zhuozhao},
  title =     {{New bandwidth sharing and pricing policies to achieve a win-win situation for cloud provider and tenants}},
  booktitle = {33rd Annual IEEE International Conference on Computer Communications (INFOCOM'14)},
  year =      {2014},
  publisher = {IEEE},
  month =     {apr},
  isbn =      {978-1-4799-3360-0},
  pages =     {835--843},
  doi =       {10.1109/INFOCOM.2014.6848011},
  url =       {http://ieeexplore.ieee.org/lpdocs/epic03/wrapper.htm?arnumber=6848011},
  address =   {Toronto, Canada}
}

@InProceedings{Shi2014,
  author =    {Shi, W and Zhang, L and Wu, C and Li, Z and Lau, F C M},
  title =     {{An Online Auction Framework for Dynamic Resource Provisioning in Cloud Computing}},
  booktitle = {SIGMETRICS},
  year =      {2014},
  pages =     {71--83}
}

@Article{Thain2005,
  author =  {Thain, Douglas and Tannenbaum, Todd and Livny, Miron},
  title =   {{Distributed computing in practice: the Condor experience}},
  year =    {2005},
  volume =  {17},
  number =  {2-4},
  month =   {feb},
  pages =   {323--356},
  issn =    {1532-0626},
  doi =     {10.1002/cpe.938},
  url =     {http://doi.wiley.com/10.1002/cpe.938},
  journal = {Concurrency and Computation: Practice and Experience}
}

@InProceedings{Vega2012,
  author =    {Vega, Davide and Cerda-Alabern, Llorenc and Navarro, Leandro and Meseguer, Roc},
  title =     {{Topology patterns of a community network: Guifi.net}},
  booktitle = {1st International Workshop on Community Networks and Bottom-up-Broadband (CNBuB 2012), within IEEE WiMob},
  year =      {2012},
  publisher = {IEEE},
  month =     {oct},
  isbn =      {978-1-4673-1430-5},
  pages =     {612--619},
  doi =       {10.1109/WiMOB.2012.6379139},
  url =       {http://ieeexplore.ieee.org/lpdocs/epic03/wrapper.htm?arnumber=6379139},
  address =   {Barcelona, Spain}
}

@Article{Vega2013Sharing,
  author =  {Vega, Davide and Messeguer, Roc and Ochoa, Sergio F. and Freitag, Felix},
  title =   {{Sharing Hardware Resources in Heterogeneous Computer-Supported Collaboration Scenarios}},
  year =    {2013},
  volume =  {20},
  number =  {1},
  pages =   {59--77},
  doi =     {10.3233/ICA-120419},
  url =     {http://iospress.metapress.com/index/Q40U3233R61GL322.pdf http://iospress.metapress.com/content/Q40U3233R61GL322 http://dsg.ac.upc.edu/sharing-hardware-resources-heterogeneous-computer-supported-collaboration-scenarios},
  journal = {Integrated Computer-Aided Engineering}
}

@PhdThesis{Vega2015Thesis,
  author =      {{Vega D'Aurelio}, Davide},
  title =       {{Incentives for sharing heterogeneous resources in distributed systems: a participatory approach}},
  institution = {Universitat Polit{\`{e}}cnica de Catalunya},
  year =        {2015},
  url =         {http://www.tdx.cat/handle/10803/336680},
  address =     {Barcelona, Spain}
}

@Article{Waldspurger1992,
  author =    {Waldspurger, C.A. and Hogg, T. and Huberman, B.A. and Kephart, J.O. and Stornetta, W.S.},
  title =     {{Spawn: a distributed computational economy}},
  year =      {1992},
  volume =    {18},
  number =    {2},
  pages =     {103--117},
  issn =      {00985589},
  doi =       {10.1109/32.121753},
  url =       {http://ieeexplore.ieee.org/articleDetails.jsp?arnumber=121753},
  journal =   {IEEE Transactions on Software Engineering},
  publisher = {IEEE}
}

@InProceedings{Wang2012When,
  author =    {Wang, Qian and Ren, Kui and Meng, Xiaoqiao},
  title =     {{When cloud meets eBay: Towards effective pricing for cloud computing}},
  booktitle = {IEEE INFOCOM},
  year =      {2012},
  publisher = {IEEE},
  month =     {mar},
  isbn =      {978-1-4673-0775-8},
  pages =     {936--944},
  doi =       {10.1109/INFCOM.2012.6195844},
  url =       {http://ieeexplore.ieee.org/lpdocs/epic03/wrapper.htm?arnumber=6195844},
  address =   {Orlando, FL, USA}
}

@Online{WCL2010,
  title =     {{Wireless Commons License for Open, Free {\&} Neutral Network (OFNN)}},
  year =      {2010},
  url =       {http://guifi.net/es/ProcomunXOLN},
  shorthand = {Wir10}
}

@Online{Wilensky1999NetLogo,
  author =      {Wilensky, Uri},
  title =       {{NetLogo}},
  year =        {1999},
  url =         {http://ccl.northwestern.edu/netlogo/},
  institution = {Center for Connected Learning and Computer-Based Modeling, Northwestern University, Evanston, IL}
}

@InProceedings{Xiao2013,
  author =    {Xiao, Yong and Huang, Jianwei and Yuen, Chau and DaSilva, Luiz A.},
  title =     {{Fairness and efficiency tradeoffs for user cooperation in distributed wireless networks}},
  booktitle = {INFOCOM},
  year =      {2013},
  publisher = {IEEE},
  month =     {apr},
  isbn =      {978-1-4673-5946-7},
  pages =     {285--289},
  doi =       {10.1109/INFCOM.2013.6566780},
  url =       {http://ieeexplore.ieee.org/lpdocs/epic03/wrapper.htm?arnumber=6566780},
  address =   {Turin, Italy}
}

@InProceedings{Yi2011,
  author =    {Yi, Sangho and Jeannot, Emmanuel and Kondo, Derrick and Anderson, David P.},
  title =     {{Towards Real-Time, Volunteer Distributed Computing}},
  booktitle = {11th IEEE/ACM International Symposium on Cluster, Cloud and Grid Computing (CCGrid 2011)},
  year =      {2011},
  publisher = {IEEE},
  month =     {may},
  isbn =      {978-1-4577-0129-0},
  pages =     {154--163},
  doi =       {10.1109/CCGrid.2011.54},
  url =       {http://ieeexplore.ieee.org/lpdocs/epic03/wrapper.htm?arnumber=5948606},
  address =   {Newport Beach, CA, USA}
}

@Online{ZeroMQ,
  title =     {{ZeroMQ}},
  year =      {2016},
  url =       {http://zeromq.org/community},
  shorthand = {Zmq16}
}

@Article{Zhang2010,
  author =  {Zhang, K and Antonopoulos, Nick and Mahmood, Z},
  title =   {{A taxonomy of incentive mechanisms in peer-to-peer systems: Design requirements and classification}},
  year =    {2010},
  volume =  {3},
  number =  {1},
  pages =   {196--205},
  url =     {http://www.thinkmind.org/index.php?view=article{\&}articleid=netser{\_}v3{\_}n12{\_}2010{\_}17},
  journal = {International Journal on Advances in Networks and Services}
}

@InProceedings{Zhang2013Framework,
  author =    {Zhang, Hong and Li, Bo and Jiang, Hongbo and Liu, Fangming and Vasilakos, Athanasios V and Liu, Jiangchuan},
  title =     {{A framework for truthful online auctions in cloud computing with heterogeneous user demands}},
  booktitle = {IEEE INFOCOM},
  year =      {2013},
  publisher = {IEEE},
  month =     {apr},
  isbn =      {978-1-4673-5946-7},
  pages =     {1510--1518},
  doi =       {10.1109/INFCOM.2013.6566946},
  url =       {http://ieeexplore.ieee.org/lpdocs/epic03/wrapper.htm?arnumber=6566946},
  address =   {Turin, Italy}
}

@InProceedings{Zhang2014Dynamic,
  author =    {Zhang, Linquan and Li, Zongpeng and Wu, Chuan},
  title =     {{Dynamic resource provisioning in cloud computing: A randomized auction approach}},
  booktitle = {33rd Annual IEEE International Conference on Computer Communications (INFOCOM'14)},
  year =      {2014},
  publisher = {IEEE},
  month =     {apr},
  isbn =      {978-1-4799-3360-0},
  pages =     {433--441},
  doi =       {10.1109/INFOCOM.2014.6847966},
  url =       {http://ieeexplore.ieee.org/lpdocs/epic03/wrapper.htm?arnumber=6847966},
  address =   {Toronto, Canada}
}

@InProceedings{Zhang2015Online,
  author =    {Zhang, Xiaoxi and Huang, Zhiyi and Wu, Chuan and Li, Zongpeng and Lau, Francis C.M.},
  title =     {{Online Auctions in IaaS Clouds: Welfare and Profit Maximization with Server Costs}},
  booktitle = {SIGMETRICS},
  year =      {2015},
  volume =    {43},
  number =    {1},
  publisher = {ACM},
  month =     {jun},
  isbn =      {978-1-4503-3486-0},
  pages =     {3--15},
  doi =       {10.1145/2796314.2745855},
  url =       {http://dl.acm.org/citation.cfm?id=2796314.2745855 http://dl.acm.org/citation.cfm?doid=2796314.2745855},
  address =   {Portland, USA},
  issn =      {01635999},
  keywords =  {auction,cloud computing,online algorithms,pricing,resource allocation,truthful mechanisms}
}

@InProceedings{Zhang2015Truthful,
  author =    {Zhang, Xiaoxi and Wu, Chuan and Li, Zongpeng and Lau, Francis C M},
  title =     {{A Truthful (1-$\epsilon$)-Optimal Mechanism for On-demand Cloud Resource Provisioning}},
  booktitle = {INFOCOM},
  year =      {2015},
  url =       {http://pages.cpsc.ucalgary.ca/{~}zongpeng/publications/infocom15-xiaoxi.pdf}
}

@Article{Zhao2014,
  author =    {Zhao, Han and Liu, Xinxin and Li, Xiaolin},
  title =     {{Towards efficient and fair resource trading in community-based cloud computing}},
  year =      {2014},
  volume =    {74},
  number =    {11},
  month =     {aug},
  pages =     {3087--3097},
  issn =      {07437315},
  doi =       {10.1016/j.jpdc.2014.07.005},
  url =       {http://www.sciencedirect.com/science/article/pii/S0743731514001270 http://linkinghub.elsevier.com/retrieve/pii/S0743731514001270},
  journal =   {Journal of Parallel and Distributed Computing},
  publisher = {Elsevier Inc.}
}

@Article{Zheng2014Star,
  author =  {Zheng, Zhenzhe and Gui, Yang and Wu, Fan and Chen, Guihai},
  title =   {{STAR: Strategy-Proof Double Auctions for Multi-Cloud, Multi-Tenant Bandwidth Reservation}},
  year =    {2014},
  volume =  {64},
  number =  {7},
  pages =   {2071 -- 2083},
  issn =    {0018-9340},
  doi =     {10.1109/TC.2014.2346204},
  url =     {http://ieeexplore.ieee.org/lpdocs/epic03/wrapper.htm?arnumber=6873551},
  journal = {IEEE Transactions on Computers}
}

@InProceedings{Zheng2015,
  author =    {Zheng, Liang and Joe-Wong, Carlee and Tan, Chee Wei and Chiang, Mung and Wang, Xinyu},
  title =     {{How to Bid the Cloud}},
  booktitle = {SIGCOMM},
  year =      {2015},
  publisher = {ACM Press},
  isbn =      {9781450335423},
  pages =     {71--84},
  doi =       {10.1145/2785956.2787473},
  url =       {http://dl.acm.org/citation.cfm?doid=2785956.2787473},
  address =   {New York, NY, USA}
}

@InProceedings{Zhou2008,
  author =    {Zhou, Xia and Gandhi, Sorabh and Suri, Subhash and Zheng, Haitao},
  title =     {{eBay in the Sky: strategy-proof wireless spectrum auctions}},
  booktitle = {MobiCom},
  year =      {2008},
  publisher = {ACM Press},
  month =     {sep},
  isbn =      {9781605580968},
  doi =       {10.1145/1409944.1409947},
  url =       {http://dl.acm.org/citation.cfm?id=1409944.1409947 http://portal.acm.org/citation.cfm?doid=1409944.1409947},
  address =   {New York, NY, USA}
}

@InProceedings{Zhou2014,
  author =    {Zhou, Haojie and Leung, Ka-Cheong and Li, Victor O. K.},
  title =     {{Auction-based bandwidth allocation and scheduling in noncooperative wireless networks}},
  booktitle = {IEEE International Conference on Communications (ICC 2014)},
  year =      {2014},
  publisher = {IEEE},
  month =     {jun},
  isbn =      {978-1-4799-2003-7},
  pages =     {2556--2561},
  doi =       {10.1109/ICC.2014.6883708},
  url =       {http://ieeexplore.ieee.org/lpdocs/epic03/wrapper.htm?arnumber=6883708},
  address =   {Sydney, Australia}
}

@Article{Zhu2012,
  author =  {Li, Zongpeng and Li, Baochun and Zhu, Yuefei},
  title =   {{Designing Truthful Spectrum Auctions for Multi-hop Secondary Networks}},
  year =    {2015},
  volume =  {14},
  number =  {2},
  month =   {feb},
  pages =   {316--327},
  issn =    {1536-1233},
  doi =     {10.1109/TMC.2013.64},
  url =     {http://ieeexplore.ieee.org/lpdocs/epic03/wrapper.htm?arnumber=6518108},
  journal = {IEEE Transactions on Mobile Computing}
}
